@article{owid-renewable-energy,
    author = {Ritchie, Hannah and Roser, Max and Rosado, Pablo},
    title = {Renewable Energy},
    journal = {Our World in Data},
    year = {2020},
    url = {https://ourworldindata.org/renewable-energy}
}

@misc{CONACYT2022,
    author = {{CONACYT}},
    title = {Capacidad y generaci√≥n},
    year = {2022},
    url = {https://energia.conacyt.mx/planeas/electricidad/generacion}
}

@techreport{statistical-review,
    author = {{Energy Institute}},
    title = {Statistical Review of World Energy},
    institution = {Energy Institute},
    year = {2023},
    pages = {49}
}

@book{Hau2013,
    author = {Hau, Erich},
    title = {Wind Turbines: Fundamentals, Technologies, Application, Economics},
    year = {2013},
    publisher = {Springer},
    doi = {10.1007/978-3-642-27151-9}
}

@book{Hansen2015,
    author = {Hansen, Martin O. L.},
    title = {Aerodynamics of Wind Turbines},
    edition = {3},
    publisher = {Routledge},
    year = {2015},
    doi = {10.4324/9781315769981}
}

@book{Burton2011,
    author = {Burton, Tony and Jenkins, Nick and Sharpe, David and Bossanyi, Ervin},
    title = {Wind Energy Handbook},
    edition = {2},
    publisher = {John Wiley \& Sons},
    year = {2011},
    doi = {10.1002/9781119992714}
}

@inproceedings{Pao2009,
    author = {Pao, Lucy Y. and Johnson, Kathryn E.},
    title = {A Tutorial on the Dynamics and Control of Wind Turbines and Wind Farms},
    booktitle = {Proceedings of the American Control Conference},
    year = {2009},
    doi = {10.1109/ACC.2009.5160195}
}

@techreport{Johnson2004,
    author = {Johnson, Kathryn},
    title = {Adaptive Torque Control of Variable Speed Wind Turbines},
    institution = {National Renewable Energy Laboratory},
    address = {Colorado},
    month = {August},
    year = {2004}
}

@inproceedings{Laks2009,
    author = {Laks, Jason H. and Pao, Lucy Y. and Wright, Alan D.},
    title = {Control of Wind Turbines: Past, Present, and Future},
    booktitle = {Proceedings of the American Control Conference},
    year = {2009},
    doi = {10.1109/ACC.2009.5160590}
}

@incollection{Huleihil2012,
    author = {Huleihil, Mahmoud and Mazor, Gedalya},
    title = {Wind Turbine Power: The {Betz} Limit and Beyond},
    booktitle = {Advances in Wind Power},
    publisher = {IntechOpen},
    year = {2012},
    doi = {10.5772/52580}
}

@article{Jie2020,
    author = {Jie, Wei and Jingchun, Chu and Lin, Yuan and Wenliang, Wang and Jian, Dong},
    title = {Pitch Control of Wind Turbine Based on Deep Neural Network},
    journal = {IOP Conference Series: Earth and Environmental Science},
    volume = {619},
    number = {1},
    year = {2020},
    doi = {10.1088/1755-1315/619/1/012034}
}

@article{soltani2013,
    author = {Soltani, Mohsen Nourbakhsh and Knudsen, Torben and Svenstrup, Mikael and Wisniewski, Rafael and Brath, Per and Ortega, Romeo and Johnson, Kathryn},
    title = {Estimation of Rotor Effective Wind Speed: A Comparison},
    journal = {IEEE Transactions on Control Systems Technology},
    volume = {21},
    number = {4},
    pages = {1155--1167},
    month = {July},
    year = {2013},
    doi = {10.1109/TCST.2013.2260751}
}

@article{cisneros2020,
    author = {Cisneros, Rafael and Gao, Rui and Ortega, Romeo and Husain, Iqbal},
    title = {A {PI}+passivity-based control of a wind energy conversion system enabled with a solid-state transformer},
    journal = {International Journal of Control},
    volume = {94},
    number = {9},
    pages = {2453--2463},
    year = {2021},
    doi = {10.1080/00207179.2019.1710768}
}

@article{dahiya2019,
    author = {Dahiya, Vineet and G, Leena},
    title = {Comparative Study of Doubly Fed Induction Generator and Permanent Magnet Synchronous Generator in Wind Energy Conversion System},
    journal = {International Journal of Electrical Engineering \& Technology},
    volume = {10},
    number = {3},
    pages = {73--79},
    year = {2019}
}

@inproceedings{swibki2020,
    author = {Swibki, Taheni and Salem, Ines Ben and Amraoui, Lilia El},
    title = {Modeling and control of direct-drive PMSG-based offshore wind turbine under rigorous wind conditions},
    booktitle = {2020 6th IEEE International Energy Conference (ENERGYCON)},
    pages = {62--67},
    year = {2020},
    organization = {IEEE},
    doi = {10.1109/ENERGYCON48941.2020.9236521}
}

@book{heier2014,
    title = {Grid Integration of Wind Energy: Onshore and Offshore Conversion Systems},
    author = {Heier, Siegfried},
    year = {2014},
    publisher = {John Wiley \& Sons},
    edition = {3},
    isbn = {9781118703304},
    doi = {10.1002/9781119992714},
}

@book{betz1926,
  title={Wind-Energie und ihre Ausnutzung durch Windm{\"u}hlen},
  author={Betz, Albert},
  year={1926},
  publisher={Vandenhoeck und Ruprecht},
  address={G{\"o}ttingen},
  language={german}
}

@article{man1981,
  title={Dynamic Behavior of a Class of Wind Turbine Generators During Random Wind Fluctuations},
  author={Man, D. T. and Sullivan, J. P. and Wasynczuk, O.},
  journal={IEEE Transactions on Power Apparatus and Systems},
  volume={100},
  number={6},
  year={1981},
  month={June},
  pages={2837--2845}
}

@techreport{amlang1992,
  title={Elektrische Energieversorgung mit Windkraftanlagen},
  author={Amlang, B. and Arsurdis, D. and Leonhard, W. and Vollstedt, W. and Wefelmeier, K.},
  year={1992},
  institution={BMFT},
  number={032-8265-B},
  address={Braunschweig},
  type={Final Report},
  language={german}
}

@book{krause2013,
  title={Analysis of Electric Machinery and Drive Systems},
  author={Krause, Paul and Wasynczuk, Oleg and Sudhoff, Scott and Pekarek, Steven},
  year={2013},
  edition={3},
  publisher={IEEE Press Wiley},
  isbn={978-1-118-02429-4},
  series={IEEE Press Series on Power Engineering},
  address={Hoboken, New Jersey}
}

@article{Lei2006,
  author = {Lei, Yazhou and Mullane, Alan and Lightbody, Gordon and Yacamini, Robert},
  title = {Modeling of the Wind Turbine With a Doubly Fed Induction Generator for Grid Integration Studies},
  journal = {IEEE Transactions on Energy Conversion},
  volume = {21},
  number = {1},
  pages = {257--264},
  month = mar,
  year = {2006},
  doi = {10.1109/TEC.2005.847958}
}

@article{park1929,
  title={Two-reaction theory of synchronous machines generalized method of analysis-part {I}},
  author={Park, R. H.},
  journal={Transactions of the American Institute of Electrical Engineers},
  volume={48},
  number={3},
  pages={716--727},
  year={1929},
  publisher={IEEE},
  doi={10.1109/T-AIEE.1929.5055275}
}

@book{clarke1943,
  title={Circuit Analysis of {A-C} Power Systems, {Volume I} - {Symmetrical} and {Related} {Components}},
  author={Clarke, Edith},
  year={1943},
  publisher={John Wiley \& Sons},
  address={New York},
  edition={1}
}

@ARTICLE{krause1998,
  author={Krause, P.C. and Wasynczuk, O. and Hildebrandt, M.S.},
  journal={IEEE Transactions on Energy Conversion}, 
  title={Reference frame analysis of a slip energy recovery system}, 
  year={1988},
  volume={3},
  number={2},
  pages={404-408},
  keywords={Equations;Steady-state;Inverters;Rotors;Voltage;Circuits;Induction machines;Performance analysis;Computer errors;Displacement control},
  doi={10.1109/60.4748}
}

@article{feijoo2000,
  title={A third order model for the doubly-fed induction machine},
  author={Feij{\'o}o, Andr{\'e}s and Cidr{\'a}s, Jos{\'e} and Carrillo, Camilo},
  journal={Electric Power Systems Research},
  volume={56},
  number={2},
  pages={121--127},
  year={2000},
  publisher={Elsevier},
  doi={10.1016/S0378-7796(00)00103-6}
}

@article{chinchilla2006,
  author={Chinchilla, M. and Arnaltes, S. and Burgos, J.C.},
  journal={IEEE Transactions on Energy Conversion}, 
  title={Control of permanent-magnet generators applied to variable-speed wind-energy systems connected to the grid}, 
  year={2006},
  volume={21},
  number={1},
  pages={130-135},
  keywords={Control systems;Permanent magnet motors;Wind energy;Magnetic variables control;Wind energy generation;Pulse width modulation inverters;Synchronous generators;Power generation;Pulse width modulation converters;Mesh generation;Permanent-magnet generators;pulsewidth-modulated (PWM) power converters;wind energy},
  doi={10.1109/TEC.2005.853735}
}

@INPROCEEDINGS{Leidhold2002,
  author={Leidhold, R. and Garcia, G. and Valla, M.I.},
  booktitle={IEEE 2002 28th Annual Conference of the Industrial Electronics Society. IECON 02}, 
  title={Maximum efficiency control for variable speed wind driven generators with speed and power limits}, 
  year={2002},
  volume={1},
  number={},
  pages={157-162 vol.1},
  keywords={Wind power generation;Wind speed;Power generation;Wind energy generation;Energy capture;Mesh generation;Induction generators;Electric variables control;Wind turbines;Power control},
  doi={10.1109/IECON.2002.1187499}
}

@inproceedings{nak2013,
  title={A New Controller for Variable Speed Wind Turbine Generator},
  author={Nak, Handan and Ergenc, Ali Fuat},
  booktitle={International Conference on Renewable Energy Research and Applications (ICRERA)},
  year={2013},
  pages={446--451},
  month={October},
  address={Madrid, Spain},
  publisher={IEEE},
  doi={978-1-4799-1464-7/13},
  keywords={Wind Turbine; Generator Control; PI Controller; Double Feedback}
}

@article{buehring1981,
  title={Control policies for wind-energy conversion systems},
  author={Buehring, I.K. and Freris, L.L.},
  journal={IEE Proceedings C (Generation, Transmission and Distribution)},
  volume={128},
  number={5},
  pages={253--261},
  year={1981},
  publisher={IET}
}

@ARTICLE{wang2004,
  author={Quincy Wang and Liuchen Chang},
  journal={IEEE Transactions on Power Electronics}, 
  title={An intelligent maximum power extraction algorithm for inverter-based variable speed wind turbine systems}, 
  year={2004},
  volume={19},
  number={5},
  pages={1242-1249},
  keywords={Wind turbines;Wind energy;Data mining;Mechanical variables control;Wind speed;Wind power generation;System performance;Control systems;Power demand;Error correction},
  doi={10.1109/TPEL.2004.833459}
}

@ARTICLE{kazmi2011,
  author={Kazmi, Syed Muhammad Raza and Goto, Hiroki and Guo, Hai-Jiao and Ichinokura, Osamu},
  journal={IEEE Transactions on Industrial Electronics}, 
  title={A Novel Algorithm for Fast and Efficient Speed-Sensorless Maximum Power Point Tracking in Wind Energy Conversion Systems}, 
  year={2011},
  volume={58},
  number={1},
  pages={29-36},
  keywords={Wind energy;Wind energy generation;Wind turbines;Permission;Size control;Robustness;Mechanical sensors;Sensorless control;Control systems;Character generation;Hill climb searching (HCS);maximum power point (MPP) tracking (MPPT);speed sensorless;wind energy conversion system (WECS)},
  doi={10.1109/TIE.2010.2044732}
}

@ARTICLE{xia2013,
  author={Xia, Yuanye and Ahmed, Khaled H. and Williams, Barry W.},
  journal={IEEE Transactions on Industrial Electronics}, 
  title={Wind Turbine Power Coefficient Analysis of a New Maximum Power Point Tracking Technique}, 
  year={2013},
  volume={60},
  number={3},
  pages={1122-1132},
  keywords={Wind speed;Equations;Mathematical model;Wind turbines;Rotors;Generators;Wind energy;Maximum power point (MPP) tracking (MPPT);microgrids;perturb and observe (P&O);power coefficient;wind energy},
  doi={10.1109/TIE.2012.2206332}
}

